<?xml version="1.0" encoding="UTF-8"?><record xmlns="http://www.loc.gov/MARC21/slim" xmlns:cinclude="http://apache.org/cocoon/include/1.0" xmlns:zs="http://www.loc.gov/zing/srw/">
  <leader>01186cz  a2200241n  4500</leader>
  <controlfield tag="001">nb2015011528</controlfield>
  <controlfield tag="003">DLC</controlfield>
  <controlfield tag="005">20160121154206.0</controlfield>
  <controlfield tag="008">150618n| azannaabn          |a aaa      </controlfield>
  <datafield tag="010" ind1=" " ind2=" ">
    <subfield code="a">nb2015011528</subfield>
  </datafield>
  <datafield tag="035" ind1=" " ind2=" ">
    <subfield code="a">(Uk)009362518</subfield>
  </datafield>
  <datafield tag="040" ind1=" " ind2=" ">
    <subfield code="a">Uk</subfield>
    <subfield code="b">eng</subfield>
    <subfield code="e">rda</subfield>
    <subfield code="c">Uk</subfield>
    <subfield code="d">DLC</subfield>
  </datafield>
  <datafield tag="046" ind1=" " ind2=" ">
    <subfield code="s">20</subfield>
  </datafield>
  <datafield tag="100" ind1="1" ind2=" ">
    <subfield code="a">Alcaraz Morales, Osbelia</subfield>
  </datafield>
  <datafield tag="370" ind1=" " ind2=" ">
    <subfield code="c">Mexico</subfield>
    <subfield code="f">Guerrero (Mexico : State)</subfield>
    <subfield code="2">naf</subfield>
  </datafield>
  <datafield tag="372" ind1=" " ind2=" ">
    <subfield code="a">Architecture</subfield>
    <subfield code="a">College teaching</subfield>
    <subfield code="2">lcsh</subfield>
  </datafield>
  <datafield tag="373" ind1=" " ind2=" ">
    <subfield code="a">Universidad Nacional Autónoma de México</subfield>
    <subfield code="a">Universidad Autónoma de Guerrero. Unidad Académica de Arquitectura y Urbanismo</subfield>
    <subfield code="a">Sistema Nacional de Investigadores (Mexico)</subfield>
    <subfield code="2">naf</subfield>
  </datafield>
  <datafield tag="374" ind1=" " ind2=" ">
    <subfield code="a">Architects</subfield>
    <subfield code="a">College teachers</subfield>
    <subfield code="2">lcsh</subfield>
  </datafield>
  <datafield tag="375" ind1=" " ind2=" ">
    <subfield code="a">female</subfield>
  </datafield>
  <datafield tag="377" ind1=" " ind2=" ">
    <subfield code="a">spa</subfield>
  </datafield>
  <datafield tag="400" ind1="1" ind2=" ">
    <subfield code="a">Morales, Osbelia Alcaraz</subfield>
  </datafield>
  <datafield tag="400" ind1="1" ind2=" ">
    <subfield code="a">Alacaraz, Osbelia</subfield>
  </datafield>
  <datafield tag="670" ind1=" " ind2=" ">
    <subfield code="a">Una visión diferente de la vivienda en Guerrero, 2014:</subfield>
    <subfield code="b">t.p. (Osbelia Alcaraz Morales) front flap (architect; master's and doctoral degree in architecture from the UNAM; founder professor of the Unidad Académica de Arquitectura y Urbanismo of the Universidad Autónoma de Guerrero (UAGro); member of the Sistema Nacional de Investigadores since 2008) p. 151 (bib. ref.: Alcaraz, Osbelia)</subfield>
  </datafield>
</record>